<?xml version="1.0" encoding="UTF-8"?><record xmlns="http://www.loc.gov/MARC21/slim" xmlns:cinclude="http://apache.org/cocoon/include/1.0" xmlns:zs="http://www.loc.gov/zing/srw/">
  <leader>00494cz  a2200133n  4500</leader>
  <controlfield tag="001">n 2005073521</controlfield>
  <controlfield tag="003">DLC</controlfield>
  <controlfield tag="005">20050929153653.0</controlfield>
  <controlfield tag="008">050929n| acannaabn          |n aaa      </controlfield>
  <datafield tag="010" ind1=" " ind2=" ">
    <subfield code="a">n 2005073521</subfield>
  </datafield>
  <datafield tag="040" ind1=" " ind2=" ">
    <subfield code="a">DLC</subfield>
    <subfield code="b">eng</subfield>
    <subfield code="c">DLC</subfield>
  </datafield>
  <datafield tag="100" ind1="1" ind2=" ">
    <subfield code="a">Morgan, Chad</subfield>
    <subfield code="q">(Chad Henderson)</subfield>
  </datafield>
  <datafield tag="670" ind1=" " ind2=" ">
    <subfield code="a">Morgan, Chad. Planter's progress, 2005:</subfield>
    <subfield code="b">CIP t.p. (Chad Morgan)</subfield>
  </datafield>
  <datafield tag="670" ind1=" " ind2=" ">
    <subfield code="a">ProQuest digital dissertations, 2005-09-29:</subfield>
    <subfield code="b">(Morgan, Chad Henderson; Planter's progress. Ph.D., Univ. of North Carolina at Chapel Hill, 2003)</subfield>
  </datafield>
</record>